<?xml version="1.0" encoding="UTF-8"?><collection xmlns="http://www.loc.gov/MARC21/slim"><record><leader>00501nam--2200121-i-4500</leader><controlfield tag="001">000021528</controlfield><controlfield tag="002">20161230</controlfield><controlfield tag="005">20161230201034</controlfield><controlfield tag="008">060222s1000------------r-----000-0-eng-d</controlfield><datafield ind1=" " ind2=" " tag="080"><subfield code="a">338.062.41:621.6</subfield></datafield><datafield ind1=" " ind2=" " tag="245"><subfield code="a">Indicator de norme de deviz pentru lucrari de instalatii de ventilatie, conditionarea aerului, umidificare, transport pneumatic, desprafuire si incalzire cu aer cald prin canale de distributie , la constructii civile si industriale</subfield></datafield><datafield ind1=" " ind2=" " tag="260"><subfield code="a">Bucuresti, Ed.Tehnica, 1956. 111p</subfield></datafield><datafield ind1=" " ind2=" " tag="852"><subfield code="a">5341</subfield></datafield></record></collection>